<?xml version="1.0" encoding="UTF-8"?><collection xmlns="http://www.loc.gov/MARC21/slim"><record><leader>00412nam--2200121-i-4500</leader><controlfield tag="001">000043151</controlfield><controlfield tag="002">20161230</controlfield><controlfield tag="005">20161230201043</controlfield><controlfield tag="008">060222s1000------------r-----000-0-eng-d</controlfield><datafield ind1=" " ind2=" " tag="080"><subfield code="a">621.01.003.13</subfield></datafield><datafield ind1=" " ind2=" " tag="245"><subfield code="a">Supliment la cataloagele preturilor de productie si livrare pentru produsele industriei constructiilor de masini, cm 1 - cm 10 si cm 21. spc nr.4</subfield></datafield><datafield ind1=" " ind2=" " tag="260"><subfield code="a">Bucuresti, Oid Micm, 1979. 264 P</subfield></datafield><datafield ind1=" " ind2=" " tag="852"><subfield code="a">D2142</subfield></datafield></record></collection>